%% This BibTeX bibliography file was created using BibDesk.
%% https://bibdesk.sourceforge.io/

%% Created for Angela Bartz at 2019-06-25 12:04:13 +0200 


%% Saved with string encoding Unicode (UTF-8) 



@article{glmnet,
	Author = {Jerome Friedman and Trevor Hastie and Rob Tibshirani},
	Journal = {\textit{Journal of Statistical Software}},
	Number = {1},
	Title = {\textbf{Regularization Paths for Generalized Linear Models via Coordinate Descent}},
	Url = {http://core.ac.uk/download/pdf/6287975.pdf},
	Volume = {33},
	Year = {2009},
	Bdsk-Url-1 = {http://core.ac.uk/download/pdf/6287975.pdf}}

@article{strongrules,
	Author = {Jacob Bien and Jerome Friedman and Trevor Hastie and Noah Simon and Jonathan Taylor and Rob Tibshirani and Ryan J. Tibshirani},
	Journal = {\textit{Journal of the Royal Statistical Society. Series B}},
	Number = {1},
	Title = {\textbf{Strong Rules for Discarding Predictors in Lasso-type Problems}},
	Url = {http://statweb.stanford.edu/~tibs/ftp/strong.pdf},
	Volume = {74},
	Year = {2012},
	Bdsk-Url-1 = {http://statweb.stanford.edu/~tibs/ftp/strong.pdf}}

@article{elastic,
	Author = {Hui Zou and Trevor Hastie},
	Journal = {\textit{Journal of the Royal Statistical Society. Series B}},
	Pages = {301--320},
	Title = {\textbf{Regularization and variable selection via the Elastic Net}},
	Volume = {67},
	Year = {2005}}

@article{lasso,
	Author = {Rob Tibshirani},
	Journal = {\textit{Journal of the Royal Statistical Society. Series B (Methodological)}},
	Number = {1},
	Pages = {267-288},
	Title = {\textbf{Regression Shrinkage and Selection via the Lasso}},
	Url = {http://statweb.stanford.edu/~tibs/lasso/lasso.pdf},
	Volume = {58},
	Year = {1996},
	Bdsk-Url-1 = {http://statweb.stanford.edu/~tibs/lasso/lasso.pdf}}

@article{admm,
	Author = {Stephen Boyd and Neal Parikh and Eric Chu and Borja Peleato and Jonahtan Eckstein},
	Journal = {\textit{Foundations and Trends in Machine Learning}},
	Number = {1},
	Pages = {1-122},
	Title = {\textbf{Distributed Optimization and Statistical Learning via the Alternating Direction Method of Multipliers}},
	Url = {https://web.stanford.edu/~boyd/papers/pdf/admm_distr_stats.pdf},
	Volume = {3},
	Year = {1996},
	Bdsk-Url-1 = {https://web.stanford.edu/~boyd/papers/pdf/admm_distr_stats.pdf}}

@misc{cliffgbm,
	Author = {Cliff Click},
	Journal = {{H2O.ai Blog}},
	Title = {\textbf{Building a Distributed GBM on H2O}},
	Url = {{http://h2o.ai/blog/2013/10/building-distributed-gbm-h2o/}},
	Year = {2013},
	Bdsk-Url-1 = {%7Bhttp://h2o.ai/blog/2013/10/building-distributed-gbm-h2o/%7D}}

@article{bias,
	Author = {Thomas Dietterich and Eun Bae Kong},
	Title = {\textbf{Machine Learning Bias, Statistical Bias, and Statistical Variance of Decision Tree Algorithms}},
	Url = {http://www.iiia.csic.es/~vtorra/tr-bias.pdf},
	Year = {1995},
	Bdsk-Url-1 = {http://www.iiia.csic.es/~vtorra/tr-bias.pdf}}

@article{boost,
	Author = {Jane Elith and John R. Leathwick and Trevor Hastie},
	Journal = {\textit{Journal of Animal Ecology}},
	Number = {4},
	Pages = {802-813},
	Title = {\textbf{A Working Guide to Boosted Regression Trees}},
	Url = {http://onlinelibrary.wiley.com/doi/10.1111/j.1365-2656.2008.01390.x/abstract},
	Volume = {77},
	Year = {2008},
	Bdsk-Url-1 = {http://onlinelibrary.wiley.com/doi/10.1111/j.1365-2656.2008.01390.x/abstract}}

@article{greedyfunction,
	Author = {Jerome H. Friedman},
	Journal = {\textit{Annals of Statistics}},
	Pages = {1189--1232},
	Title = {\textbf{Greedy Function Approximation: A Gradient Boosting Machine}},
	Url = {http://statweb.stanford.edu/?jhf/ftp/trebst.pdf},
	Volume = {29},
	Year = {1999},
	Bdsk-Url-1 = {http://statweb.stanford.edu/?jhf/ftp/trebst.pdf}}

@article{prox,
	Author = {Neal Parikh and Stephen Boyd},
	Journal = {\textit{Foundations and Trends in Optimization}},
	Number = {3},
	Pages = {123-231},
	Title = {\textbf{Proximal Algorithms}},
	Url = {http://web.stanford.edu/~boyd/papers/pdf/prox_algs.pdf},
	Volume = {1},
	Year = {2014},
	Bdsk-Url-1 = {http://web.stanford.edu/~boyd/papers/pdf/prox_algs.pdf}}

@article{discussion,
	Author = {Jerome Friedman and Trevor Hastie and Robert Tibshirani},
	Journal = {\textit{Annual Statistics}},
	Pages = {102-107},
	Title = {\textbf{Discussion of Boosting Papers}},
	Url = {http://web.stanford.edu/?hastie/Papers/boost_discussion.pdf},
	Volume = {32},
	Year = {2004},
	Bdsk-Url-1 = {http://web.stanford.edu/?hastie/Papers/boost_discussion.pdf}}

@article{additivelogistic,
	Author = {Jerome Friedman and Trevor Hastie and Robert Tibshirani},
	Journal = {\textit{Annals of Statistics}},
	Pages = {2000},
	Title = {\textbf{Additive Logistic Regression: a Statistical View of Boosting}},
	Url = {http://projecteuclid.org/DPubS?service=UI&version=1.0&verb=Display&handle= euclid.aos/1016218223},
	Volume = {28},
	Year = {1998},
	Bdsk-Url-1 = {http://projecteuclid.org/DPubS?service=UI&version=1.0&verb=Display&handle=%20euclid.aos/1016218223}}

@book{esl,
	Address = {New York},
	Author = {Jerome Friedman and Trevor Hastie and Robert Tibshirani},
	Booktitle = {\textit{The Elements of Statistical Learning}},
	Publisher = {Springer},
	Title = {\textbf{The Elements of Statistical Learning}},
	Url = {http://statweb.stanford.edu/?tibs/ElemStatLearn/printings/ESLII_print10.pdf},
	Year = {2001},
	Bdsk-Url-1 = {http://statweb.stanford.edu/?tibs/ElemStatLearn/printings/ESLII_print10.pdf}}

@misc{performance,
	Author = {Candel, Arno},
	Howpublished = {\url{http://h2o.ai/blog/2015/02/deep-learning-performance/}},
	Journal = {H2O.ai Blog},
	Number = {February 26},
	Title = {\textbf{Definitive Performance Tuning Guide for Deep Learning}},
	Type = {Blog},
	Year = {2015}}

@article{neuralnet,
	Author = {G.E. Hinton and R.R. Salakhutdinov},
	Journal = {\textit{Science}},
	Pages = {504--507},
	Title = {\textbf{Reducing the Dimensionality of Data with Neural Networks}},
	Url = {http://www.cs.toronto.edu/~hinton/science.pdf},
	Volume = {313},
	Year = {2006},
	Bdsk-Url-1 = {http://www.cs.toronto.edu/~hinton/science.pdf}}

@online{mnist,
	Author = {LeCun, Yann and Cortes, Corinna and Burgres, Christopher J.C},
	Title = {\textbf{The MNIST Database}},
	Url = {http://yann.lecun.com/exdb/mnist/},
	Bdsk-Url-1 = {http://yann.lecun.com/exdb/mnist/}}

@online{h2ogithubdl,
	Author = {H2O.ai Team},
	Title = {\textbf{H2O GitHub repository for Deep Learning documentation}},
	Url = {https://github.com/h2oai/h2o/tree/master/docs/deeplearning/DeepLearningRVignetteDemo},
	Year = {\the\year},
	Bdsk-Url-1 = {https://github.com/h2oai/h2o/tree/master/docs/deeplearning/DeepLearningRVignetteDemo}}

@misc{h2osite,
	Author = {H2O.ai Team},
	Journal = {H2O.ai},
	Title = {\textbf{H2O website}},
	Url = {http://h2o.ai},
	Year = {\the\year},
	Bdsk-Url-1 = {http://h2o.ai}}

@misc{h2odocs,
	Author = {H2O.ai Team},
	Title = {\textbf{H2O documentation}},
	Url = {http://docs.h2o.ai},
	Year = {\the\year},
	Bdsk-Url-1 = {http://docs.h2o.ai}}

@misc{h2ogithubrepo,
	Author = {H2O.ai Team},
	Title = {\textbf{H2O GitHub Repository}},
	Url = {https://github.com/h2oai},
	Year = {\the\year},
	Bdsk-Url-1 = {https://github.com/h2oai}}

@misc{h2odatasets,
	Author = {H2O.ai Team},
	Title = {\textbf{H2O Datasets}},
	Url = {http://data.h2o.ai},
	Year = {\the\year},
	Bdsk-Url-1 = {http://data.h2o.ai}}

@misc{h2ojira,
	Author = {H2O.ai Team},
	Title = {\textbf{H2O JIRA}},
	Url = {https://jira.h2o.ai},
	Year = {\the\year},
	Bdsk-Url-1 = {https://jira.h2o.ai}}

@misc{dlarchitecture,
	Author = {Yoshua Bengio},
	Title = {\textbf{Learning Deep Architectures for AI}},
	Url = {http://www.iro.umontreal.ca/~bengioy/papers/ftml.pdf},
	Year = {2009},
	Bdsk-Url-1 = {http://www.iro.umontreal.ca/~bengioy/papers/ftml.pdf}}

@misc{efficientbackprop,
	Title = {\textbf{Efficient BackProp}},
	Url = {http://yann.lecun.com/exdb/publis/pdf/lecun-98b.pdf},
	Year = {1998},
	Bdsk-Url-1 = {http://yann.lecun.com/exdb/publis/pdf/lecun-98b.pdf}}

@inproceedings{maxoutnetworks,
	Author = {Ian J. Goodfellow and David Warde-farley and Mehdi Mirza and Aaron Courville and Yoshua Bengio},
	Booktitle = {\textit{In ICML}},
	Title = {\textbf{Maxout networks}},
	Url = {http://arxiv.org/pdf/1302.4389.pdf},
	Year = {2013},
	Bdsk-Url-1 = {http://arxiv.org/pdf/1302.4389.pdf}}

@incollection{hogwild,
	Author = {Recht, Benjamin and Re, Christopher and Wright, Stephen and Feng Niu},
	Booktitle = {Advances in Neural Information Processing Systems 24},
	Date-Modified = {2019-06-25 12:04:13 +0200},
	Editor = {J. Shawe-Taylor and R. S. Zemel and P. L. Bartlett and F. Pereira and K. Q. Weinberger},
	Pages = {693--701},
	Publisher = {Curran Associates, Inc.},
	Title = {\textbf{Hogwild: A Lock-Free Approach to Parallelizing Stochastic Gradient Descent}},
	Year = {2011},
	Bdsk-Url-1 = {http://papers.nips.cc/paper/4390-hogwild-a-lock-free-approach-to-parallelizing-stochastic-gradient-descent.pdf}}

@inproceedings{adadelta,
	Author = {Matthew D. Zeiler},
	Title = {\textbf{ADADELTA: An Adaptive Learning Rate Method}},
	Url = {http://arxiv.org/pdf/1212.5701v1.pdf},
	Year = {2012},
	Bdsk-Url-1 = {http://arxiv.org/pdf/1212.5701v1.pdf}}

@article{momentum,
	Author = {Ilya Sutskever and James Martens and George Dahl and Geoffrey Hinton},
	Title = {\textbf{On the importance of initialization and momentum in deep learning}},
	Url = {http://www.cs.toronto.edu/~fritz/absps/momentum.pdf},
	Year = {2014},
	Bdsk-Url-1 = {http://www.cs.toronto.edu/~fritz/absps/momentum.pdf}}

@article{featuredetectors,
	Author = {G. E. Hinton and N. Srivastava and A. Krizhevsky and I. Sutskever and R. R. Salakhutdinov},
	Title = {\textbf{Improving neural networks by preventing co-adaptation of feature detectors}},
	Url = {http://arxiv.org/pdf/1207.0580.pdf},
	Year = {2012},
	Bdsk-Url-1 = {http://arxiv.org/pdf/1207.0580.pdf}}

@online{rdocs,
	Author = {H2O.ai Team},
	Title = {\textbf{H2O R Package Documentation}},
	Url = {http://h2o-release.s3.amazonaws.com/h2o/latest_stable_Rdoc.html},
	Year = {\the\year},
	Bdsk-Url-1 = {http://h2o-release.s3.amazonaws.com/h2o/latest_stable_Rdoc.html}}

@manual{h2o_GLM_booklet,
	Author = {Hussami, N. and Kraljevic, T. and Lanford, J. and Nykodym, T. and Rao, A. and Wang, A.},
	Month = {August},
	Title = {\textbf{Generalized Linear Modeling with H2O}},
	Url = {http://h2o.ai/resources},
	Year = {2015},
	Bdsk-Url-1 = {http://h2o.ai/resources}}

@manual{h2o_DL_booklet,
	Author = {Arora, A. and Candel, A. and Lanford, J. and LeDell, E. and and Parmar, V.},
	Month = {August},
	Title = {\textbf{Deep Learning with H2O}},
	Url = {http://h2o.ai/resources},
	Year = {2015},
	Bdsk-Url-1 = {http://h2o.ai/resources}}

@manual{h2o_GBM_booklet,
	Author = {Click, C. and Lanford, J. and Malohlava, M. and Parmar, V. and Roark, H.},
	Month = {August},
	Title = {\textbf{Gradient Boosted Models}},
	Url = {http://h2o.ai/resources},
	Year = {2015},
	Bdsk-Url-1 = {http://h2o.ai/resources}}

@manual{h2o_R_booklet,
	Author = {Aiello, S. and Eckstrand, E. and Fu, A. and Landry, M. and Lanford, J. and Aboyoun, P.},
	Month = {August},
	Title = {\textbf{Fast Scalable R with H2O}},
	Url = {http://h2o.ai/resources},
	Year = {2015},
	Bdsk-Url-1 = {http://h2o.ai/resources}}

@manual{h2o_R_package,
	Author = {H2O.ai Team},
	Note = {R package version 3.1.0.99999},
	Title = {\textbf{h2o: R Interface for H2O}},
	Url = {http://www.h2o.ai},
	Year = {\the\year},
	Bdsk-Url-1 = {http://www.h2o.ai}}

@manual{h2o_Python_module,
	Author = {H2O.ai Team},
	Note = {Python package version 3.1.0.99999},
	Title = {\textbf{h2o: Python Interface for H2O}},
	Url = {http://www.h2o.ai},
	Year = {\the\year},
	Bdsk-Url-1 = {http://www.h2o.ai}}

@manual{h2o_Java_software,
	Author = {H2O.ai Team},
	Note = {version 3.1.0.99999},
	Title = {\textbf{H2O: Scalable Machine Learning}},
	Url = {http://www.h2o.ai},
	Year = {\the\year},
	Bdsk-Url-1 = {http://www.h2o.ai}}

@misc{stream,
	Author = {H2O.ai Team},
	Title = {\textbf{H2Ostream}},
	Url = {https://groups.google.com/d/forum/h2ostream},
	Year = {\the\year},
	Bdsk-Url-1 = {https://groups.google.com/d/forum/h2ostream}}

@misc{rensemble,
	Author = {Erin LeDell},
	Title = {\textbf{R Ensemble Documentation}},
	Url = {http://www.stat.berkeley.edu/~ledell/R/h2oEnsemble.pdf},
	Year = {2014},
	Bdsk-Url-1 = {http://www.stat.berkeley.edu/~ledell/R/h2oEnsemble.pdf}}

@manual{r,
	Address = {Vienna, Austria},
	Author = {{R Core Team}},
	Organization = {R Foundation for Statistical Computing},
	Title = {R: A Language and Environment for Statistical Computing},
	Url = {https://www.R-project.org},
	Year = 2015,
	Bdsk-Url-1 = {https://www.R-project.org}}

@misc{Pydocs,
	Author = {H2O.ai Team},
	Title = {\textbf{H2O Python Documentation}},
	Url = {http://h2o-release.s3.amazonaws.com/h2o/latest_stable_Pydoc.html},
	Year = {2015},
	Bdsk-Url-1 = {http://h2o-release.s3.amazonaws.com/h2o/latest_stable_Pydoc.html}}

@inproceedings{lenet,
	Author = {Yann LeCun and Bottou, Leon and Bengio, Yoshua and Haffner, Patrick},
	Booktitle = {\textit{Proceedings of the IEEE}},
	Title = {\textbf{Gradient-Based Learning Applied to Document Recognition}},
	Url = {http://yann.lecun.com/exdb/publis/pdf/lecun-01a.pdf},
	Year = {Nov. 1998},
	Bdsk-Url-1 = {http://yann.lecun.com/exdb/publis/pdf/lecun-01a.pdf}}

@incollection{alexnet,
	Author = {Alex Krizhevsky and Sutskever, Ilya and Hinton, Geoffrey E},
	Booktitle = {Advances in Neural Information Processing Systems 25},
	Editor = {F. Pereira and C. J. C. Burges and L. Bottou and K. Q. Weinberger},
	Pages = {1097--1105},
	Title = {\textbf{ImageNet Classification with Deep Convolutional Neural Networks}},
	Url = {https://papers.nips.cc/paper/4824-imagenet-classification-with-deep-convolutional-neural-networks.pdf},
	Year = {2012},
	Bdsk-Url-1 = {https://papers.nips.cc/paper/4824-imagenet-classification-with-deep-convolutional-neural-networks.pdf}}

@article{vgg,
	Author = {Simonyan, Karen and Zisserman, Andrew},
	Title = {\textbf{Very Deep Convolutional Networks for Large-Scale Image Recognition}},
	Url = {http://arxiv.org/pdf/1207.0580.pdf},
	Year = {2014},
	Bdsk-Url-1 = {http://arxiv.org/pdf/1207.0580.pdf}}

@article{googlenet,
	Author = {Christian Szegedy and Wei Liu and Yangqing Jia and Pierre Sermanet and Scott E. Reed and Dragomir Anguelov and Dumitru Erhan and Vincent Vanhoucke and Andrew Rabinovich},
	Title = {\textbf{Going Deeper with Convolutions}},
	Url = {https://arxiv.org/pdf/1409.4842.pdf},
	Year = {2014},
	Bdsk-Url-1 = {https://arxiv.org/pdf/1409.4842.pdf}}

@article{inceptionbn,
	Author = {Sergey Ioffe and Christian Szegedy},
	Title = {\textbf{Batch Normalization: Accelerating Deep Network Training by Reducing Internal Covariate Shift}},
	Url = {https://arxiv.org/pdf/1502.03167.pdf},
	Year = {2015},
	Bdsk-Url-1 = {https://arxiv.org/pdf/1502.03167.pdf}}

@article{resnet,
	Author = {Kaiming He and Xiangyu Zhang and Shaoqing Ren and Jian Sun},
	Title = {\textbf{Deep Residual Learning for Image Recognition}},
	Url = {https://arxiv.org/pdf/1512.03385.pdf},
	Year = {2015},
	Bdsk-Url-1 = {https://arxiv.org/pdf/1512.03385.pdf}}

@article{bergstra-bengio,
	Author = {Bergstra, James and Bengio, Yoshua},
	Issn = {1532-4435},
	Issue_Date = {3/1/2012},
	Journal = {J. Mach. Learn. Res.},
	Month = Feb,
	Numpages = {25},
	Pages = {281--305},
	Publisher = {JMLR.org},
	Title = {\textbf{Random Search for Hyper-parameter Optimization}},
	Url = {http://www.jmlr.org/papers/volume13/bergstra12a/bergstra12a.pdf},
	Volume = {13},
	Year = {2012},
	Bdsk-Url-1 = {http://www.jmlr.org/papers/volume13/bergstra12a/bergstra12a.pdf}}
